<record xmlns="http://www.loc.gov/MARC21/slim" xmlns:xsi="http://www.w3.org/2001/XMLSchema-instance" xsi:schemaLocation="http://www.loc.gov/MARC21/slim http://www.loc.gov/standards/marcxml/schema/MARC21slim.xsd"><leader>02268nam a2200421   4500</leader><controlfield tag="001">001696939</controlfield><controlfield tag="003">NNU</controlfield><controlfield tag="006">m        d        </controlfield><controlfield tag="007">cr cn |||m|||a</controlfield><controlfield tag="008">150223s1952    ua c    ob    110 0 arao</controlfield><datafield ind1=" " ind2=" " tag="040"><subfield code="a">NNU</subfield><subfield code="b">eng</subfield><subfield code="c">NNU</subfield></datafield><datafield ind1="0" ind2=" " tag="041"><subfield code="a">ara</subfield><subfield code="a">eng</subfield><subfield code="a">fre</subfield></datafield><datafield ind1=" " ind2=" " tag="066"><subfield code="c">(3</subfield></datafield><datafield ind1=" " ind2=" " tag="090"><subfield code="a">B751.Z7</subfield><subfield code="b">L3</subfield></datafield><datafield ind1="2" ind2=" " tag="111"><subfield code="6">880-01</subfield><subfield code="a">Mihraj&#257;n al-Alf&#299; li-Dhikr&#697;a Ibn S&#299;n&#257;,</subfield><subfield code="d">(1952 :</subfield><subfield code="c">Baghdad, Iraq)</subfield></datafield><datafield ind1="1" ind2="3" tag="245"><subfield code="6">880-02</subfield><subfield code="a">al-Kit&#257;b al-dhahab&#299; lil-Mihraj&#257;n al-Alf&#299; li-Dhikr&#225; Ibn S&#299;n&#257;, Baghd&#257;d, min 20 il&#225; 28 M&#257;rs 1952</subfield><subfield code="h">[electronic resource].</subfield></datafield><datafield ind1="1" ind2="5" tag="246"><subfield code="i">Title on added t. p.:</subfield><subfield code="a">Mill&#233;naire d'Avicenne : congr&#232;s de Bagdad, 20-28 mars 1952</subfield></datafield><datafield ind1="3" ind2=" " tag="246"><subfield code="a">Mill&#233;naire d'Avicenne</subfield></datafield><datafield ind1="3" ind2=" " tag="246"><subfield code="6">880-03</subfield><subfield code="a">Kit&#257;b al-dhahab&#299; lil-Mahraj&#257;n al-Alf&#299; li-Dhikr&#697;a Ibn S&#299;n&#257;</subfield></datafield><datafield ind1=" " ind2=" " tag="260"><subfield code="6">880-04</subfield><subfield code="a">al-Q&#257;hirah :</subfield><subfield code="b">Ma&#7789;ba&#699;at Mi&#7779;r,</subfield><subfield code="c">1952.</subfield></datafield><datafield ind1=" " ind2=" " tag="300"><subfield code="a">online resource (463 p.; vi, 69 p.) :</subfield><subfield code="b">ports.</subfield></datafield><datafield ind1=" " ind2=" " tag="500"><subfield code="a">At head of title: J&#257;mi&#699;at al-Duwal al-&#699;Arab&#299;yah. al-Id&#257;rah al-Thaq&#257;f&#299;yah.</subfield></datafield><datafield ind1=" " ind2=" " tag="500"><subfield code="a">Part of the Arabic Collections Online (ACO) project, contributed by New York Univeristy Libraries.</subfield></datafield><datafield ind1=" " ind2=" " tag="504"><subfield code="a">Includes bibliographical references.</subfield></datafield><datafield ind1=" " ind2=" " tag="533"><subfield code="a">Electronic reproduction.</subfield><subfield code="b">New York, N.Y. :</subfield><subfield code="c">New York University,</subfield><subfield code="d">2015.</subfield><subfield code="5">NNU</subfield></datafield><datafield ind1=" " ind2=" " tag="546"><subfield code="a">Contributions in Arabic, French and English.</subfield></datafield><datafield ind1="0" ind2="0" tag="600"><subfield code="a">Avicenna,</subfield><subfield code="d">980-1037</subfield><subfield code="v">Congresses.</subfield></datafield><datafield ind1="2" ind2=" " tag="710"><subfield code="a">League of Arab States.</subfield><subfield code="b">Id&#257;rah al-Thaq&#257;f&#299;yah.</subfield></datafield><datafield ind1="2" ind2=" " tag="710"><subfield code="a">New York University.</subfield><subfield code="b">Libraries.</subfield></datafield><datafield ind1="0" ind2=" " tag="730"><subfield code="a">Arabic Collections Online.</subfield></datafield><datafield ind1="0" ind2="8" tag="776"><subfield code="i">Print version:</subfield><subfield code="t">al-Kit&#257;b al-dhahab&#299; lil-Mihraj&#257;n al-Alf&#299; li-Dhikr&#225; Ibn S&#299;n&#257;, Baghd&#257;d, min 20 il&#225; 28 M&#257;rs 1952</subfield><subfield code="w">(NNU)001696939</subfield><subfield code="w">(DLC)59050949</subfield></datafield><datafield ind1="4" ind2="0" tag="856"><subfield code="u">http://hdl.handle.net/2333.1/wm37pxgt</subfield></datafield><datafield ind1="2" ind2=" " tag="880"><subfield code="6">111-01/</subfield><subfield code="a">&#1605;&#1607;&#1585;&#1580;&#1575;&#1606; &#1575;&#1604;&#1575;&#1604;&#1601;&#1609; &#1604;&#1583;&#1603;&#1585;&#1609; &#1575;&#1576;&#1606; &#1587;&#1610;&#1606;&#1575;.</subfield></datafield><datafield ind1="1" ind2="0" tag="880"><subfield code="6">245-02/</subfield><subfield code="a">&#1575;&#1604;&#1603;&#1578;&#1575;&#1576; &#1575;&#1604;&#1584;&#1607;&#1576;&#1609; &#1604;&#1604;&#1605;&#1607;&#1585;&#1580;&#1575;&#1606; &#1575;&#1604;&#1575;&#1604;&#1601;&#1609; &#1604;&#1584;&#1603;&#1585;&#1609; &#1575;&#1576;&#1606; &#1587;&#1610;&#1606;&#1575;&#1548; &#1576;&#1576;&#1594;&#1583;&#1575;&#1583; &#1605;&#1606; &#1634;&#1632; &#1575;&#1604;&#1609; &#1634;&#1640; &#1605;&#1575;&#1585;&#1587; &#1633;&#1641;&#1637;&#1634;.</subfield></datafield><datafield ind1="3" ind2=" " tag="880"><subfield code="6">246-03/</subfield><subfield code="a">&#1575;&#1604;&#1603;&#1578;&#1575;&#1576; &#1575;&#1604;&#1584;&#1607;&#1576;&#1609; &#1604;&#1604;&#1605;&#1607;&#1585;&#1580;&#1575;&#1606; &#1575;&#1604;&#1575;&#1604;&#1601;&#1609; &#1604;&#1584;&#1603;&#1585;&#1609; &#1575;&#1576;&#1606; &#1587;&#1610;&#1606;&#1575;</subfield></datafield><datafield ind1=" " ind2=" " tag="880"><subfield code="6">260-04/</subfield><subfield code="a">&#1575;&#1604;&#1602;&#1575;&#1607;&#1585;&#1607; :</subfield><subfield code="b">&#1605;&#1591;&#1576;&#1593;&#1577; &#1605;&#1589;&#1585;&#1548;</subfield><subfield code="c">&#1633;&#1641;&#1637;&#1634;.</subfield></datafield><datafield ind1=" " ind2=" " tag="959"><subfield code="a">NNU</subfield><subfield code="b">WEB</subfield><subfield code="c">GENI</subfield><subfield code="t">0</subfield><subfield code="m">Electronic access</subfield><subfield code="s">01</subfield></datafield><datafield ind1=" " ind2=" " tag="999"><subfield code="i">NNU_001696939</subfield><subfield code="s">nyu_aco000415</subfield><subfield code="e">(ERROR-880)</subfield></datafield></record>